@inproceedings{DBLP:conf/isola/Leucker0T16,
  author    = {Martin Leucker and
               Malte Schmitz and
               Danilo {\`{a}} Tellinghusen},
  title     = {Runtime Verification for Interconnected Medical Devices},
  booktitle = {Leveraging Applications of Formal Methods, Verification and Validation:
               Discussion, Dissemination, Applications - 7th International Symposium,
               ISoLA 2016, Imperial, Corfu, Greece, October 10-14, 2016, Proceedings,
               Part {II}},
  pages     = {380--387},
  year      = {2016},
  crossref  = {DBLP:conf/isola/2016-2},
  url       = {http://dx.doi.org/10.1007/978-3-319-47169-3_29},
  doi       = {10.1007/978-3-319-47169-3_29},
  timestamp = {Wed, 05 Oct 2016 13:45:21 +0200},
  biburl    = {http://dblp2.uni-trier.de/rec/bib/conf/isola/Leucker0T16},
  bibsource = {dblp computer science bibliography, http://dblp.org}
}

@proceedings{DBLP:conf/isola/2016-2,
  editor    = {Tiziana Margaria and
               Bernhard Steffen},
  title     = {Leveraging Applications of Formal Methods, Verification and Validation:
               Discussion, Dissemination, Applications - 7th International Symposium,
               ISoLA 2016, Imperial, Corfu, Greece, October 10-14, 2016, Proceedings,
               Part {II}},
  series    = {Lecture Notes in Computer Science},
  volume    = {9953},
  year      = {2016},
  url       = {http://dx.doi.org/10.1007/978-3-319-47169-3},
  doi       = {10.1007/978-3-319-47169-3},
  isbn      = {978-3-319-47168-6},
  timestamp = {Wed, 05 Oct 2016 13:38:36 +0200},
  biburl    = {http://dblp2.uni-trier.de/rec/bib/conf/isola/2016-2},
  bibsource = {dblp computer science bibliography, http://dblp.org}
}

@BOOK{mueller2000,
	AUTHOR="J.-A. Müller",
	TITLE="Systems Engineering",
	PUBLISHER="Manz-Verlag Schulbuch (Fortis)",
	YEAR=2000,
	ADDRESS="Wien"
}
@article{de_la_torre_approach,
   title = {An approach for mapping the vulnerability of European Union soils to antibiotic contamination},
   volume = {3},
   number = {2--4},
   journal = {Science of The Total Environment},
   author = {de la Torre, Ana and Iglesias, Irene and Carballo, Matilde and Romäre},
   year = {2011},
   pages = {120--321}
}
